<collection xmlns="http://www.loc.gov/MARC21/slim">
<record>
  <leader>01824nam0a2200337 i 450 </leader>
  <controlfield tag="001">IT\ICCU\CNCE\017536</controlfield>
  <controlfield tag="005">20130514000000.0</controlfield>
  <datafield tag="012" ind1=" " ind2=" ">
    <subfield code="a">3.30 ++++ 0.m. suOf (3) 1590 (R)</subfield>
    <subfield code="2">fei</subfield>
  </datafield>
  <datafield tag="100" ind1=" " ind2=" ">
    <subfield code="a">19970101d1590        0itac0103    ba</subfield>
  </datafield>
  <datafield tag="101" ind1=" " ind2=" ">
    <subfield code="a">LAT</subfield>
  </datafield>
  <datafield tag="102" ind1=" " ind2=" ">
    <subfield code="a">IT</subfield>
  </datafield>
  <datafield tag="200" ind1="1" ind2=" ">
    <subfield code="a">Missale secundum Ordinem f. praedicatorum iuxta decreta capituli generalis, Salmanticae anno Domini 1551 celebrati, reformatum. Authoritate apostolica comprobatum. In quo missae coronae spinearum, &amp; rosarij sunt additae ... Cum kalendario Gregoriano, ac sanctis iussu s. d. n. Sixti V nuper adiectis</subfield>
  </datafield>
  <datafield tag="210" ind1=" " ind2=" ">
    <subfield code="a">Venetiis</subfield>
    <subfield code="c">apud Iuntas</subfield>
    <subfield code="d">1590</subfield>
    <subfield code="e">Venetiis</subfield>
    <subfield code="g">apud Iuntas</subfield>
    <subfield code="h">1590</subfield>
  </datafield>
  <datafield tag="215" ind1=" " ind2=" ">
    <subfield code="a">\18!, 244 c.</subfield>
    <subfield code="c">ill.</subfield>
    <subfield code="d">4ʻ</subfield>
  </datafield>
  <datafield tag="620" ind1=" " ind2=" ">
    <subfield code="a">IT</subfield>
    <subfield code="d">Venezia</subfield>
  </datafield>
  <datafield tag="710" ind1="0" ind2="2">
    <subfield code="a">Domenicani</subfield>
    <subfield code="3">IT\ICCU\CNCT\003443</subfield>
  </datafield>
  <datafield tag="702" ind1=" " ind2="0">
    <subfield code="a">Sixtus</subfield>
    <subfield code="c"> &lt;papa</subfield>
    <subfield code="c"> ; 5.&gt;</subfield>
    <subfield code="3">IT\ICCU\CNCA\007469</subfield>
  </datafield>
  <datafield tag="712" ind1="0" ind2="0">
    <subfield code="a">Giunta, Lucantonio</subfield>
    <subfield code="c"> &lt;2.&gt;</subfield>
    <subfield code="3">IT\ICCU\CNCT\000089</subfield>
    <subfield code="4">650</subfield>
  </datafield>
  <datafield tag="791" ind1="0" ind2="2">
    <subfield code="a">Ordo fratrum praedicatorum</subfield>
    <subfield code="3">IT\ICCU\CNCT\004887</subfield>
    <subfield code="z">Domenicani</subfield>
  </datafield>
  <datafield tag="791" ind1="0" ind2="2">
    <subfield code="a">Congregatio Lombardiae Ordinis Praedicatorum</subfield>
    <subfield code="3">15559</subfield>
    <subfield code="z">Domenicani</subfield>
  </datafield>
  <datafield tag="790" ind1=" " ind2="0">
    <subfield code="a">Frati del Terzo Ordine di S. Domenico</subfield>
    <subfield code="3">IT\ICCU\CNCA\018843</subfield>
    <subfield code="z">Domenicani</subfield>
  </datafield>
  <datafield tag="790" ind1=" " ind2="0">
    <subfield code="a">Predicatori</subfield>
    <subfield code="3">IT\ICCU\CNCA\018844</subfield>
    <subfield code="z">Domenicani</subfield>
  </datafield>
  <datafield tag="790" ind1=" " ind2="1">
    <subfield code="a">Peretti,</subfield>
    <subfield code="b">Felice</subfield>
    <subfield code="3">IT\ICCU\CNCA\014759</subfield>
    <subfield code="z">Sixtus &lt;papa ; 5.&gt;</subfield>
  </datafield>
  <datafield tag="791" ind1="0" ind2="0">
    <subfield code="a">Iunta, Lucas Antonius</subfield>
    <subfield code="c"> &lt;2.&gt;</subfield>
    <subfield code="3">IT\ICCU\CNCT\003893</subfield>
    <subfield code="z">Giunta, Lucantonio &lt;2.&gt;</subfield>
  </datafield>
  <datafield tag="791" ind1="0" ind2="0">
    <subfield code="a">Giunti, Lucantonio</subfield>
    <subfield code="c"> &lt;2.&gt;</subfield>
    <subfield code="3">IT\ICCU\CNCT\004932</subfield>
    <subfield code="z">Giunta, Lucantonio &lt;2.&gt;</subfield>
  </datafield>
  <datafield tag="801" ind1=" " ind2="3">
    <subfield code="a">IT</subfield>
    <subfield code="b">ICCU</subfield>
    <subfield code="c">20201114</subfield>
  </datafield>
  <datafield tag="899" ind1=" " ind2=" ">
    <subfield code="a">Biblioteca provinciale dei Cappuccini. Firenze</subfield>
    <subfield code="1">FI0041</subfield>
    <subfield code="2">RT1 PC</subfield>
  </datafield>
  <datafield tag="899" ind1=" " ind2=" ">
    <subfield code="a">Biblioteca e Archivio del Capitolo metropolitano. Milano</subfield>
    <subfield code="1">MI0489</subfield>
    <subfield code="2">PBE C0</subfield>
  </datafield>
  <datafield tag="899" ind1=" " ind2=" ">
    <subfield code="a">Biblioteca universitaria. Napoli</subfield>
    <subfield code="1">NA0070</subfield>
    <subfield code="2">NAP BU</subfield>
  </datafield>
  <datafield tag="899" ind1=" " ind2=" ">
    <subfield code="a">Biblioteca nazionale centrale. Roma</subfield>
    <subfield code="1">RM0267</subfield>
    <subfield code="2">BVE CR</subfield>
  </datafield>
  <datafield tag="899" ind1=" " ind2=" ">
    <subfield code="a">Biblioteca Angelica. Roma</subfield>
    <subfield code="z">MUTILO</subfield>
    <subfield code="1">RM0290</subfield>
    <subfield code="2">RML 06</subfield>
  </datafield>
</record>
</collection>
